<record><leader>00000cas a2200000 a 4500</leader><controlfield tag="001">43802115</controlfield><controlfield tag="008">000407d19361947orucr ne      0    0eng c</controlfield><datafield ind1=" " ind2=" " tag="010"><subfield code="a">sn 00063521 </subfield></datafield><datafield ind1=" " ind2=" " tag="040"><subfield code="a">OCN</subfield><subfield code="b">eng</subfield><subfield code="c">OCN</subfield><subfield code="d">OCLCQ</subfield><subfield code="d">DLC</subfield><subfield code="d">ORU</subfield><subfield code="d">DLC</subfield><subfield code="d">OCLCQ</subfield><subfield code="d">OCLCF</subfield><subfield code="d">OCLCO</subfield></datafield><datafield ind1="1" ind2=" " tag="029"><subfield code="a">AU@</subfield><subfield code="b">000021486395</subfield></datafield><datafield ind1=" " ind2=" " tag="042"><subfield code="a">pcc</subfield></datafield><datafield ind1=" " ind2=" " tag="043"><subfield code="a">n-us-or</subfield></datafield><datafield ind1="0" ind2="0" tag="245"><subfield code="a">Eastern Oregon observer.</subfield></datafield><datafield ind1=" " ind2=" " tag="260"><subfield code="a">Ontario, Malheur County, Or. :</subfield><subfield code="b">Elmo E. Smith,</subfield><subfield code="c">-1947.</subfield></datafield><datafield ind1=" " ind2=" " tag="300"><subfield code="a">v.</subfield></datafield><datafield ind1=" " ind2=" " tag="310"><subfield code="a">Semiweekly,</subfield><subfield code="b">Dec. 13, 1946-Aug. 29, 1947</subfield></datafield><datafield ind1=" " ind2=" " tag="321"><subfield code="a">Weekly,</subfield><subfield code="b">&lt;Aug. 11, 1937-June 1, 1938&gt;</subfield></datafield><datafield ind1=" " ind2=" " tag="321"><subfield code="a">Semiweekly,</subfield><subfield code="b">&lt;June 10, 1938-Mar. 24, 1939&gt;</subfield></datafield><datafield ind1=" " ind2=" " tag="321"><subfield code="a">Weekly,</subfield><subfield code="b">&lt;Mar. 30, 1939&gt;-Dec. 10, 1946</subfield></datafield><datafield ind1="1" ind2=" " tag="362"><subfield code="a">Began in 1936.</subfield></datafield><datafield ind1="0" ind2=" " tag="362"><subfield code="a">-v. 11, no. 79 (Aug. 29, 1947).</subfield></datafield><datafield ind1=" " ind2=" " tag="530"><subfield code="a">Also issued on microfilm from University of Oregon.</subfield></datafield><datafield ind1=" " ind2=" " tag="580"><subfield code="a">Merged with: Ontario Argus, to form: Ontario Argus-observer.</subfield></datafield><datafield ind1=" " ind2=" " tag="588"><subfield code="a">Description based on: Vol. 1, no. 38 (Aug. 11, 1937).</subfield></datafield><datafield ind1=" " ind2="0" tag="651"><subfield code="a">Ontario (Or.)</subfield><subfield code="v">Newspapers.</subfield></datafield><datafield ind1=" " ind2="0" tag="651"><subfield code="a">Malheur County (Or.)</subfield><subfield code="v">Newspapers.</subfield></datafield><datafield ind1=" " ind2="7" tag="655"><subfield code="a">Newspapers.</subfield><subfield code="2">fast</subfield><subfield code="0">(OCoLC)fst01423814</subfield></datafield><datafield ind1=" " ind2="7" tag="651"><subfield code="a">Oregon</subfield><subfield code="z">Malheur County.</subfield><subfield code="2">fast</subfield><subfield code="0">(OCoLC)fst01213115</subfield></datafield><datafield ind1=" " ind2="7" tag="651"><subfield code="a">Oregon</subfield><subfield code="z">Ontario.</subfield><subfield code="2">fast</subfield><subfield code="0">(OCoLC)fst01221457</subfield></datafield><datafield ind1=" " ind2=" " tag="752"><subfield code="a">United States</subfield><subfield code="b">Oregon</subfield><subfield code="c">Malheur</subfield><subfield code="d">Ontario.</subfield></datafield><datafield ind1="1" ind2="7" tag="785"><subfield code="t">Ontario Argus</subfield><subfield code="x">2163-6850</subfield><subfield code="w">(DLC)sn 00063520</subfield><subfield code="w">(OCoLC)43802069</subfield></datafield><datafield ind1="1" ind2="7" tag="785"><subfield code="t">Ontario Argus-observer</subfield><subfield code="w">(DLC)sn 00063522</subfield><subfield code="w">(OCoLC)43802129</subfield></datafield></record>